<?xml version="1.0" encoding="UTF-8" ?>
<collection xmlns:xsi="http://www.w3.org/2001/XMLSchema-instance"
    xsi:schemaLocation="http://www.loc.gov/MARC21/slim
        http://www.loc.gov/standards/marcxml/schema/MARC21slim.xsd"
    xmlns="http://www.loc.gov/MARC21/slim">
<record>
  <leader>00219nam a2200421 ia4500</leader>
  <controlfield tag="001">b19208200</controlfield>
  <controlfield tag="003">LeBAU</controlfield>
  <controlfield tag="008">170622s1929    le            ||0 0 ara d</controlfield>
  <datafield tag="040" ind1=" " ind2=" ">
    <subfield code="a">LEAUB</subfield>
    <subfield code="b">ara</subfield>
    <subfield code="e">rda</subfield>
    <subfield code="c">LEAUB</subfield>
  </datafield>
  <datafield tag="082" ind1="0" ind2="4">
    <subfield code="a">511</subfield>
    <subfield code="2">23</subfield>
  </datafield>
  <datafield tag="100" ind1="1" ind2=" ">
    <subfield code="6">880-01</subfield>
    <subfield code="a">Jurdāq, Manṣūr Ḥannā,</subfield>
    <subfield code="e">author.</subfield>
  </datafield>
  <datafield tag="245" ind1="1" ind2="0">
    <subfield code="6">880-02</subfield>
    <subfield code="a">al-Ḥisāb al-ḥadīth /</subfield>
    <subfield code="c">ta’līf Manṣūr Ḥannā Jurdāq M. ‘A, ustādh al-riyāḍīyāt al-‘ālīyah fī al-Jāmi‘ah al-Amīrikānīyah fī Bayrūt wa-‘uḍw fī al-Jam‘īyah al-Inklīzīyah al-Riyāḍīyah fī Landan wa-al-Jam‘īyah al-Riyāḍīyah al-Amīrikānīyah wa-ghayrihā min al-jam‘īyāt al-riyāḍīyah wa-al-falakīyah wa-al-‘ilmīyah.</subfield>
  </datafield>
  <datafield tag="250" ind1=" " ind2=" ">
    <subfield code="6">880-03</subfield>
    <subfield code="a">Ṭab‘ah thālithah munaqqaḥah.</subfield>
  </datafield>
  <datafield tag="264" ind1=" " ind2="1">
    <subfield code="6">880-04</subfield>
    <subfield code="a">Bayrūt :</subfield>
    <subfield code="b">al-Maṭba‘ah al-Amīrikānīyah,</subfield>
    <subfield code="c">1929.</subfield>
  </datafield>
  <datafield tag="300" ind1=" " ind2=" ">
    <subfield code="6">880-05</subfield>
    <subfield code="a">3 volumes ;</subfield>
    <subfield code="c">19 cm</subfield>
  </datafield>
  <datafield tag="336" ind1=" " ind2=" ">
    <subfield code="a">text</subfield>
    <subfield code="b">txt</subfield>
    <subfield code="2">rdacontent</subfield>
  </datafield>
  <datafield tag="337" ind1=" " ind2=" ">
    <subfield code="a">unmediated</subfield>
    <subfield code="b">n</subfield>
    <subfield code="2">rdamedia</subfield>
  </datafield>
  <datafield tag="338" ind1=" " ind2=" ">
    <subfield code="a">volume</subfield>
    <subfield code="b">nc</subfield>
    <subfield code="2">rdacarrier</subfield>
  </datafield>
  <datafield tag="590" ind1=" " ind2=" ">
    <subfield code="a">في المكتبة: الجزء 3.</subfield>
  </datafield>
  <datafield tag="650" ind1=" " ind2="4">
    <subfield code="a">الحساب</subfield>
    <subfield code="x">الدرس والتدريس.</subfield>
  </datafield>
  <datafield tag="650" ind1=" " ind2="0">
    <subfield code="a">Arithmetic</subfield>
    <subfield code="x">Study and teaching.</subfield>
  </datafield>
  <datafield tag="775" ind1="0" ind2=" ">
    <subfield code="6">880-06</subfield>
    <subfield code="t">al-Ḥisāb al-ḥadīth.</subfield>
    <subfield code="b">Ṭab‘ah rābi‘ah</subfield>
    <subfield code="d">Bayrūt : al-Maṭba‘ah al-Amīrikānīyah, 1927</subfield>
    <subfield code="w">(OCoLC)784341347</subfield>
    <subfield code="w">(OCoLC)784341347</subfield>
  </datafield>
  <datafield tag="775" ind1="0" ind2=" ">
    <subfield code="6">880-07</subfield>
    <subfield code="t">al-Ḥisāb al-ḥadīth.</subfield>
    <subfield code="b">Ṭab‘ah khāmisah</subfield>
    <subfield code="d">Bayrūt : al-Maṭba‘ah al-Amīrikānīyah, 1929</subfield>
    <subfield code="w">b19208212</subfield>
  </datafield>
  <datafield tag="775" ind1="0" ind2=" ">
    <subfield code="6">880-08</subfield>
    <subfield code="t">al-Ḥisāb al-ḥadīth.</subfield>
    <subfield code="b">Ṭab‘ah tāsi‘ah munaqqaḥah</subfield>
    <subfield code="d">Bayrūt : al-Maṭba‘ah al-Amīrikānīyah, 1947</subfield>
    <subfield code="w">b19208224</subfield>
  </datafield>
  <datafield tag="852" ind1=" " ind2=" ">
    <subfield code="a">Jafet Library</subfield>
    <subfield code="e">American University of Beirut, Bliss Street , Beirut, Lebanon.</subfield>
  </datafield>
  <datafield tag="852" ind1=" " ind2=" ">
    <subfield code="a">Jafet Archives and Special Collections</subfield>
    <subfield code="e">American University of Beirut, Bliss Street , Beirut, Lebanon.</subfield>
  </datafield>
  <datafield tag="880" ind1="1" ind2=" ">
    <subfield code="6">100-01/(3/r</subfield>
    <subfield code="a">جرداق، منصور حنا،</subfield>
    <subfield code="e">مؤلف. </subfield>
    <subfield code="4">aut.</subfield>
  </datafield>
  <datafield tag="880" ind1="1" ind2="3">
    <subfield code="6">245-02/(3/r</subfield>
    <subfield code="a">الحساب الحديث /</subfield>
    <subfield code="c">تأليف منصور حنا جرداق م. ع، أستاذ الرياضيات العالية في الجامعة الأميركانية في بيروت وعضو في الجمعية الإنكليزية الرياضية في لندن والجمعية الرياضيية الأميركانية وغيرها من الجمعيات الرياضية والفلكية والعلمية.</subfield>
  </datafield>
  <datafield tag="880" ind1=" " ind2=" ">
    <subfield code="6">250-03/(3/r</subfield>
    <subfield code="a">طبعة ثالثة منقحة.</subfield>
  </datafield>
  <datafield tag="880" ind1=" " ind2="1">
    <subfield code="6">264-04/(3/r</subfield>
    <subfield code="a">بيروت :</subfield>
    <subfield code="b">المطبعة الأميركانية،</subfield>
    <subfield code="c">1929.</subfield>
  </datafield>
  <datafield tag="880" ind1=" " ind2=" ">
    <subfield code="6">300-05/(3/r</subfield>
    <subfield code="a">3 أجزاء ؛</subfield>
    <subfield code="c">19 سم</subfield>
  </datafield>
  <datafield tag="880" ind1="0" ind2=" ">
    <subfield code="6">775-06/(3/r</subfield>
    <subfield code="t">الحساب الحديث.</subfield>
    <subfield code="b">طبعة رابعة</subfield>
    <subfield code="d">بيروت : المطبعة الأميركانية، 1927</subfield>
    <subfield code="w">b12484830</subfield>
    <subfield code="w">(OCoLC)784341347</subfield>
  </datafield>
  <datafield tag="880" ind1="0" ind2=" ">
    <subfield code="6">775-07/(3/r</subfield>
    <subfield code="t">الحساب الحديث.</subfield>
    <subfield code="b">طبعة خامسة</subfield>
    <subfield code="d">بيروت : المطبعة الأميركانية، 1929</subfield>
    <subfield code="w">b19208212</subfield>
  </datafield>
  <datafield tag="880" ind1="0" ind2=" ">
    <subfield code="6">775-08/(3/r</subfield>
    <subfield code="t">الحساب الحديث.</subfield>
    <subfield code="b">طبعة تاسعة منقحة</subfield>
    <subfield code="d">بيروت : المطبعة الأميركانية، 1947</subfield>
    <subfield code="w">b19208224</subfield>
  </datafield>
  <datafield tag="907" ind1=" " ind2=" ">
    <subfield code="a">.b19208200</subfield>
    <subfield code="b">17-07-11</subfield>
    <subfield code="c">17-06-22</subfield>
  </datafield>
  <datafield tag="945" ind1=" " ind2=" ">
    <subfield code="f">CA</subfield>
    <subfield code="a">511:J95hA:v.3</subfield>
    <subfield code="i">01066241</subfield>
    <subfield code="j">.i12975394</subfield>
    <subfield code="l">u0304</subfield>
  </datafield>
  <datafield tag="945" ind1=" " ind2=" ">
    <subfield code="f">J</subfield>
    <subfield code="a">511:J95hA:v.3</subfield>
    <subfield code="i">01026448</subfield>
    <subfield code="j">.i12975369</subfield>
    <subfield code="l">u0503</subfield>
  </datafield>
  <datafield tag="998" ind1=" " ind2=" ">
    <subfield code="a">(3)u03</subfield>
    <subfield code="a">(4)u05</subfield>
    <subfield code="b">97-06-20</subfield>
    <subfield code="c">m</subfield>
    <subfield code="d">a</subfield>
    <subfield code="e">-</subfield>
    <subfield code="f">ara</subfield>
    <subfield code="g">le </subfield>
    <subfield code="h">0</subfield>
    <subfield code="i">0</subfield>
  </datafield>
</record>
</collection>
